<?xml version="1.0" encoding="UTF-8"?><collection xmlns="http://www.loc.gov/MARC21/slim"><record><leader>00477nam--2200133-i-4500</leader><controlfield tag="001">000030059</controlfield><controlfield tag="002">20161230</controlfield><controlfield tag="005">20161230201038</controlfield><controlfield tag="008">060222s1000------------r-----000-0-eng-d</controlfield><datafield ind1=" " ind2=" " tag="080"><subfield code="a">530.145.6(043)</subfield></datafield><datafield ind1=" " ind2=" " tag="100"><subfield code="a">Lamehi, Pachti, Mohamed</subfield></datafield><datafield ind1=" " ind2=" " tag="245"><subfield code="a">Mecanique quantique et theories des variables cachees locales:un text experimental par la mesure de la fonction de correlation de sp in dans la diffusion p-p.these</subfield></datafield><datafield ind1=" " ind2=" " tag="260"><subfield code="a">Paris, Universite De Paris, 1976. 161p</subfield></datafield><datafield ind1=" " ind2=" " tag="852"><subfield code="a">44950</subfield></datafield></record></collection>